@BOOK{
kent1998,
AUTHOR    = {Beck, Kent},
TITLE     = {Extreme programming: A humanistic discipline of software development},
PUBLISHER = {Springer Berlin Heidelberg},
YEAR      = {1998},
NOTE      = {Print ISBN 978-3-540-64303-6}
}

@MISC{
grimmer2006,
AUTHOR       = {Grimmer, Lenz},
YEAR         = {2006},
TITLE        = {Interview with David Heinemeier Hansson from Ruby on Rails},
URL          = {
\url{https://web.archive.org/web/20130225091835/http://dev.mysql.com/tech-resources/interviews/david-heinemeier-hansson-rails.html}
},
NOTE         = {Online; accessed 11/14/2015}
}

@MISC{
graham2005,
AUTHOR       = {Graham, Paul},
YEAR         = {2005},
TITLE        = {Web 2.0},
URL          = {
\url{http://www.paulgraham.com/web20.html}
},
NOTE         = {Online; accessed 11/14/2015}
}

@MISC{
oreilly2005,
AUTHOR       = {OReilly, Tim},
YEAR         = {2005},
TITLE        = {What Is Web 2.0},
URL          = {
\url{http://www.oreilly.com/pub/a/web2/archive/what-is-web-20.html}
},
NOTE         = {Online; accessed 11/14/2015}
}

@MISC{
strickland2007,
AUTHOR       = {Strickland, Jonathan},
YEAR         = {2007},
TITLE        = {How Web 2.0 Works},
URL          = {
\url{http://computer.howstuffworks.com/web-20.htm}
},
NOTE         = {Online; accessed 11/14/2015}
}

@MISC{
dinucci1999,
AUTHOR       = {DiNucci, Darcy},
YEAR         = {1999},
TITLE        = {Fragmented Future},
URL          = {
\url{http://darcyd.com/fragmented_future.pdf}
},
NOTE         = {Print 53; Online; accessed 11/14/2015}
}

@BOOK{
Raymond:2001:CBM:365399,
AUTHOR = {Raymond, Eric S.},
TITLE = {The Cathedral and the Bazaar: Musings on Linux and Open Source by an Accidental Revolutionary},
YEAR = {2001},
ISBN = {0-596-01008-8},
PUBLISHER = {O'Reilly \& Associates, Inc.},
ADDRESS = {Sebastopol, CA, USA},
} 

@BOOK{
Brooks:1995:MM:207583,
AUTHOR = {Brooks,Jr., Frederick P.},
TITLE = {The Mythical Man-month (Anniversary Ed.)},
YEAR = {1995},
ISBN = {0-201-83595-9},
PUBLISHER = {Addison-Wesley Longman Publishing Co., Inc.},
ADDRESS = {Boston, MA, USA},
}

@MISC{
osi2012,
AUTHOR       = {Open Source Initiative},
YEAR         = {2012},
TITLE        = {History of the OSI},
URL          = {
\url{http://opensource.org/history}
},
NOTE         = {Online; accessed 11/14/2015}
}

@ARTICLE{
2007:00393,
AUTHOR = {{boyd, d. m.}, {Ellison, N. B}},
JOURNAL = {J. Comp.-Med. Commun.},
YEAR = {2012},
VOLUME = {13},
NUMBER = {1},
ISSUE_DATE = {October 2007},
PUBLISHER = {John Wiley \& Sons, Inc.},
ADDRESS = {New York, NY, USA},
KEY = {{$\!\!$}} ,
}

@INPROCEEDINGS{
Pham:2013:CSU:2486788.2486804,
AUTHOR = {Pham, Raphael and Singer, Leif and Liskin, Olga and Figueira Filho, Fernando and Schneider, Kurt},
TITLE = {Creating a Shared Understanding of Testing Culture on a Social Coding Site},
BOOKTITLE = {Proceedings of the 2013 International Conference on Software Engineering},
SERIES = {ICSE '13},
YEAR = {2013},
ISBN = {978-1-4673-3076-3},
LOCATION = {San Francisco, CA, USA},
PAGES = {112--121},
NUMPAGES = {10},
URL = {http://dl.acm.org/citation.cfm?id=2486788.2486804},
ACMID = {2486804},
PUBLISHER = {IEEE Press},
ADDRESS = {Piscataway, NJ, USA},
}

@INPROCEEDINGS{
michlmayr:quality_problems,
AUTHOR =       {Michlmayr, Martin and Hunt, Francis and Probert, David},
TITLE =        {Quality Practices and Problems in Free Software Projects},
EDITOR =       {Scotto, Marco and Succi, Giancarlo},
BOOKTITLE =    {Proceedings of the First International Conference on Open
                  Source Systems},
PAGES =        {24-28},
ADDRESS =      {Genova, Italy},
YEAR =         {2005},
}

@INPROCEEDINGS{
Syeed:2014:SCR:2641580.2641586,
AUTHOR = {Syeed, M. M. Mahbubul and Hansen, Klaus Marius and Hammouda, Imed and Manikas, Konstantinos},
TITLE = {Socio-Technical Congruence in the Ruby Ecosystem},
BOOKTITLE = {Proceedings of The International Symposium on Open Collaboration},
SERIES = {OpenSym '14},
YEAR = {2014},
ISBN = {978-1-4503-3016-9},
LOCATION = {Berlin, Germany},
PAGES = {2:1--2:9},
ARTICLENO = {2},
NUMPAGES = {9},
URL = {http://doi.acm.org/10.1145/2641580.2641586},
DOI = {10.1145/2641580.2641586},
ACMID = {2641586},
PUBLISHER = {ACM},
ADDRESS = {New York, NY, USA},
}

@INPROCEEDINGS{
conf/icsob/KabbedijkJ11,
ADDED-AT = {2011-08-26T00:00:00.000+0200},
AUTHOR = {Kabbedijk, Jaap and Jansen, Slinger},
BIBURL = {http://www.bibsonomy.org/bibtex/254fc9b61585d4edddd410933a78f8e6c/dblp},
BOOKTITLE = {ICSOB},
CROSSREF = {conf/icsob/2011},
EDITOR = {Regnell, Bj√∂rn and van de Weerd, Inge and Troyer, Olga De},
EE = {http://dx.doi.org/10.1007/978-3-642-21544-5_5},
INTERHASH = {4d6c5f55a6c7fe236566ca7f53b5871b},
INTRAHASH = {54fc9b61585d4edddd410933a78f8e6c},
ISBN = {978-3-642-21543-8},
KEYWORDS = {dblp},
PAGES = {44-55},
PUBLISHER = {Springer},
SERIES = {Lecture Notes in Business Information Processing},
TIMESTAMP = {2011-08-27T11:33:59.000+0200},
TITLE = {Steering Insight: An Exploration of the Ruby Software Ecosystem.},
URL = {http://dblp.uni-trier.de/db/conf/icsob/icsob2011.html},
VOLUME = 80,
YEAR = 2011
}

@INPROCEEDINGS{
dabbish2012social,
TITLE = {Social coding in GitHub: transparency and collaboration in an open software repository},
AUTHOR = {Dabbish, Laura and Stuart, Colleen and Tsay, Jason and Herbsleb, Jim},
BOOKTITLE = {Proceedings of the ACM 2012 conference on Computer Supported Cooperative Work},
PAGES = {1277-1286},
YEAR = {2012},
ORGANIZATION = {ACM}
}

@inproceedings{robbes2011study,
  title={A study of ripple effects in software ecosystems (nier track)},
  author={Robbes, Romain and Lungu, Mircea},
  booktitle={Proceedings of the 33rd International Conference on Software Engineering},
  pages={904--907},
  year={2011},
  organization={ACM}
}

@inproceedings{Storey:2014:ESM:2593882.2593887,
 author = {Storey, Margaret-Anne and Singer, Leif and Cleary, Brendan and Figueira Filho, Fernando and Zagalsky, Alexey},
 title = {The (R) Evolution of Social Media in Software Engineering},
 booktitle = {Proceedings of the on Future of Software Engineering},
 series = {FOSE 2014},
 year = {2014},
 isbn = {978-1-4503-2865-4},
 location = {Hyderabad, India},
 pages = {100--116},
 numpages = {17},
 url = {http://doi.acm.org/10.1145/2593882.2593887},
 doi = {10.1145/2593882.2593887},
 acmid = {2593887},
 publisher = {ACM},
 address = {New York, NY, USA},
 keywords = {Collaboration, Social Media, Software Engineering},
} 

@book{flanagan2008ruby,
  title={The ruby programming language},
  author={Flanagan, David and Matsumoto, Yukihiro},
  year={2008},
  publisher={" O'Reilly Media, Inc."}
}

@book{berube2007practical,
  title={Practical Ruby Gems},
  author={Berube, David},
  year={2007},
  publisher={Apress}
}

@MISC{
rake2014,
YEAR         = {2014},
TITLE        = {Rake},
URL          = {
\url{https://rubygems.org/gems/rake/versions/10.4.2}
},
NOTE         = {Online; accessed 11/14/2015}
}

@article{parnin2012crowd,
  title={Crowd documentation: Exploring the coverage and the dynamics of API discussions on Stack Overflow},
  author={Parnin, Chris and Treude, Christoph and Grammel, Lars and Storey, Margaret-Anne},
  journal={Georgia Institute of Technology, Tech. Rep},
  year={2012}
}

@inproceedings{Kalliamvakou:2014:PPM:2597073.2597074,
 author = {Kalliamvakou, Eirini and Gousios, Georgios and Blincoe, Kelly and Singer, Leif and German, Daniel M. and Damian, Daniela},
 title = {The Promises and Perils of Mining GitHub},
 booktitle = {Proceedings of the 11th Working Conference on Mining Software Repositories},
 series = {MSR 2014},
 year = {2014},
 isbn = {978-1-4503-2863-0},
 location = {Hyderabad, India},
 pages = {92--101},
 numpages = {10},
 url = {http://doi.acm.org/10.1145/2597073.2597074},
 doi = {10.1145/2597073.2597074},
 acmid = {2597074},
 publisher = {ACM},
 address = {New York, NY, USA},
 keywords = {Mining software repositories, bias, code reviews, git, github},
} 

@inproceedings{Singer:2013:MAS:2441776.2441791,
 author = {Singer, Leif and Figueira Filho, Fernando and Cleary, Brendan and Treude, Christoph and Storey, Margaret-Anne and Schneider, Kurt},
 title = {Mutual Assessment in the Social Programmer Ecosystem: An Empirical Investigation of Developer Profile Aggregators},
 booktitle = {Proceedings of the 2013 Conference on Computer Supported Cooperative Work},
 series = {CSCW '13},
 year = {2013},
 isbn = {978-1-4503-1331-5},
 location = {San Antonio, Texas, USA},
 pages = {103--116},
 numpages = {14},
 url = {http://doi.acm.org/10.1145/2441776.2441791},
 doi = {10.1145/2441776.2441791},
 acmid = {2441791},
 publisher = {ACM},
 address = {New York, NY, USA},
 keywords = {gamification, motivation, reputation, social code sharing, social media, software development, software engineering, virtual communities},
} 

@PHDTHESIS{1997PhDT.......258H,
   author = {{Hsi}, S.~H.-R.},
    title = "{Facilitating knowledge integration in science through electronic discussion: The Multimedia Forum Kiosk}",
   school = {University of California, Berkeley},
     year = 1997,
   adsurl = {http://adsabs.harvard.edu/abs/1997PhDT.......258H},
  adsnote = {Provided by the SAO/NASA Astrophysics Data System}
}

@inproceedings{Singer2014,
  title={Software engineering at the speed of light: How developers stay current using twitter},
  author={Singer, Leif and Figueira Filho, Fernando and Storey, Margaret-Anne},
  booktitle={Proceedings of the 36th International Conference on Software Engineering},
  pages={211--221},
  year={2014},
  organization={ACM}
}

@article{Treude2012,
  title={Programming in a socially networked world: the evolution of the social programmer},
  author={Treude, Christoph and Figueira Filho, Fernando and Cleary, Brendan and Storey, Margaret-Anne},
  journal={The Future of Collaborative Software Development},
  pages={1--3},
  year={2012}
}

@book{Weinberg1998,
 author = {Weinberg, Gerald M.},
 title = {The Psychology of Computer Programming (Silver Anniversary Ed.)},
 year = {1998},
 isbn = {0-932633-42-0},
 publisher = {Dorset House Publishing Co., Inc.},
 address = {New York, NY, USA},
}

@inproceedings{Jazayeri:2004:ESE:1025115.1025201,
 author = {Jazayeri, Mehdi},
 title = {The Education of a Software Engineer},
 booktitle = {Proceedings of the 19th IEEE International Conference on Automated Software Engineering},
 series = {ASE '04},
 year = {2004},
 isbn = {0-7695-2131-2},
 pages = {.18--xxvii},
 url = {http://dx.doi.org/10.1109/ASE.2004.68},
 doi = {10.1109/ASE.2004.68},
 acmid = {1025201},
 publisher = {IEEE Computer Society},
 address = {Washington, DC, USA},
} 

@article{Bjornson2008,
title = "Knowledge management in software engineering: A systematic review of studied concepts, findings and research methods used ",
journal = "Information and Software Technology ",
volume = "50",
number = "11",
pages = "1055 - 1068",
year = "2008",
note = "",
issn = "0950-5849",
doi = "http://dx.doi.org/10.1016/j.infsof.2008.03.006",
url = "http://www.sciencedirect.com/science/article/pii/S0950584908000487",
author = "Finn Olav Bj√∏rnson and Torgeir Dings√∏yr",
keywords = "Software engineering",
keywords = "Knowledge management",
keywords = "Learning software organization",
keywords = "Software process improvement",
keywords = "Systematic review "
}

@inproceedings{Rabelo2015,
  title={Knowledge management and organizational culture in a software organization: a case study},
  author={Rabelo, Jacilane and Oliveira, Edson and Viana, Davi and Braga, Lu{\'\i}s and Santos, Gleison and Steinmacher, Igor and Conte, Tayana},
  booktitle={Proceedings of the Eighth International Workshop on Cooperative and Human Aspects of Software Engineering},
  pages={89--92},
  year={2015},
  organization={IEEE Press}
  
@article{Figueira2015,
  title={A study on the geographical distribution of Brazil‚Äôs prestigious software developers},
  author={{FIGUEIRA FILHO}, Fernando and Perin, Marcelo Gattermann and Treude, Christoph and Marczak, Sabrina and Melo, Leandro and da Silva, Igor Marques and dos Santos, Lucas Bibiano},
  journal={Journal of Internet Services and Applications},
  volume={6},
  number={1},
  pages={1--12},
  year={2015},
  publisher={Springer London}
}

@inproceedings{Gousios2012,
 author = {Gousios, Georgios and Spinellis, Diomidis},
 title = {GHTorrent: GitHub's Data from a Firehose},
 booktitle = {Proceedings of the 9th IEEE Working Conference on Mining Software Repositories},
 series = {MSR '12},
 year = {2012},
 isbn = {978-1-4673-1761-0},
 location = {Zurich, Switzerland},
 pages = {12--21},
 numpages = {10},
 url = {http://dl.acm.org/citation.cfm?id=2664446.2664449},
 acmid = {2664449},
 publisher = {IEEE Press},
 address = {Piscataway, NJ, USA},
 keywords = {GitHub, commits, dataset, events, repository},
}